% BibTeX database for the MSc_Thesis.tex

%%%%%%%%%%%%%%%%%%%%%%%%%%%%%%%%%%%%%%%%%%%%%%%%%%%%%%%%%%
% TEMPLATES
%%%%%%%%%%%%%%%%%%%%%%%%%%%%%%%%%%%%%%%%%%%%%%%%%%%%%%%%%%

%%%%% An article from a journal or magazine.
%
%article{
%  % Required fields:
%  author  = {},
%  title   = {},
%  journal = {},
%  year    = {},
%  % Optional fields:
%  volume  = {},
%  number  = {},
%  pages   = {},
%  month   = {},
%  note    = {}
%}
%
%%%%% A book with an explicit publisher.
%
%book{
%  % Required fields:
%  author    = {}, % or editor
%  editor    = {},
%  title     = {},
%  publisher = {},
%  year      = {},
%  % Optional fields:
%  volume    = {},
%  number    = {},
%  series    = {},
%  address   = {},
%  edition   = {},
%  month     = {},
%  note      = {}
%}
%
%%%%% A work that is printed and bound, but without a named publisher or sponsoring institution.
%
%booklet{
%  % Required field:
%  title        = {},
%  % Optional fields:
%  author       = {},
%  howpublished = {},
%  address      = {},
%  month        = {},
%  year         = {},
%  note         = {}
%}
%
%%%%% The same as INPROCEEDINGS}, included for Scribe compatibility.
%
%conference{
%}
%
%%%%% A part of a book, which may be a chapter (or section or whatever) and/or a range of pages.
%
%inbook{
%  % Required fields:
%  author    = {}, % or editor
%  editor    = {},
%  title     = {},
%  chapter   = {}, % and/or pages
%  pages     = {},
%  publisher = {},
%  year      = {},
%  % Optional fields:
%  volume    = {}, % or number
%  number    = {},
%  series    = {},
%  type      = {},
%  address   = {},
%  edition   = {},
%  month     = {},
%  note      = {}
%}
%
%%%%% A part of a book having its own title.
%
%incollection{
%  % Required fields:
%  author    = {},
%  title     = {},
%  booktitle = {},
%  publisher = {},
%  year      = {},
%  % Optional fields:
%  editor    = {},
%  volume    = {}, % or number
%  number    = {},
%  series    = {},
%  type      = {},
%  chapter   = {},
%  pages     = {},
%  address   = {},
%  edition   = {},
%  month     = {},
%  note      = {}
%}
%
%%%%% An article in a conference proceedings.
%
%inproceedings{
%  % Required fields:
%  author       = {},
%  title        = {},
%  booktitle    = {},
%  year         = {},
%  % Optional fields:
%  editor       = {},
%  volume       = {}, % or number
%  number       = {},
%  series       = {},
%  pages        = {},
%  address      = {},
%  month        = {},
%  organization = {},
%  publisher    = {},
%  note         = {}
%}
%
%%%%% Technical documentation.
%
%manual{
%  % Required field:
%  title        = {},
%  % Optional fields:
%  author       = {},
%  organization = {},
%  address      = {},
%  edition      = {},
%  month        = {},
%  year         = {},
%  note         = {}
%}
%
%%%%% A Master's thesis.
%
%mastersthesis{
%  % Required fields:
%  author  = {},
%  title   = {},
%  school  = {},
%  year    = {},
%  % Optional fields:
%  type    = {},
%  address = {},
%  month   = {},
%  note    = {}
%}
%
%%%%% Use this type when nothing else fits.
%
%misc{
%  % Required fields: none.
%  % Optional fields:
%  author       = {},
%  title        = {},
%  howpublished = {},
%  month        = {},
%  year         = {},
%  note         = {}
%}
%
%%%%% A PhD thesis.
%
%phdthesis{
%  % Required fields:
%  author  = {},
%  title   = {},
%  school  = {},
%  year    = {},
%  % Optional fields:
%  type    = {},
%  address = {},
%  month   = {},
%  note    = {}
%}
%
%%%%% The proceedings of a conference.
%
%proceedings{
%  % Required fields:
%  title        = {},
%  year         = {},
%  % Optional fields:
%  editor       = {},
%  volume       = {}, % or number
%  number       = {},
%  series       = {},
%  address      = {},
%  month        = {},
%  organization = {},
%  publisher    = {},
%  note         = {},
%}
%
%%%%% A report published by a school or other institution, usually numbered within a series.
%
%techreport{
%  % Required fields:
%  author      = {},
%  title       = {},
%  institution = {},
%  year        = {},
%  % Optional fields:
%  type        = {},
%  number      = {},
%  address     = {},
%  month       = {},
%  note        = {}
%}
%
%%%%% A document having an author and title, but not formally published.
%
%unpublished{
%  % Required fields:
%  author = {},
%  title  = {},
%  note   = {},
%  % Optional fields:
%  month  = {},
%  year   = {}
%}

%%%%%%%%%%%%%%%%%%%%%%%%%%%%%%%%%%%%%%%%%%%%%%%%%%%%%%%%%%
% References
%%%%%%%%%%%%%%%%%%%%%%%%%%%%%%%%%%%%%%%%%%%%%%%%%%%%%%%%%%
@article{Overview_on_Edge_Computing,
  author={Cao, Keyan and Liu, Yefan and Meng, Gongjie and Sun, Qimeng},
  journal={IEEE Access}, 
  title={An Overview on Edge Computing Research}, 
  year={2020},
  volume={8},
  number={},
  pages={85714-85728},
  doi={10.1109/ACCESS.2020.2991734}}

@article{Will_RISC-V_Revolutionize_Computing,
author = {Greengard, Samuel},
title = {Will RISC-V Revolutionize Computing?},
year = {2020},
issue_date = {May 2020},
publisher = {Association for Computing Machinery},
address = {New York, NY, USA},
volume = {63},
number = {5},
issn = {0001-0782},
url = {https://doi.org/10.1145/3386377},
doi = {10.1145/3386377},
abstract = {The open instruction set for microprocessors promises to reshape computing and introduce new, more powerful capabilities.},
journal = {Commun. ACM},
month = {apr},
pages = {30–32},
numpages = {3}}

@article{Survey_of_Contemporary_Real-time_Operating_Systems,
  title={A Survey of Contemporary Real-time Operating Systems.},
  author={Baskiyar, Sanjeev and Meghanathan, Natarajan},
  journal={Informatica (03505596)},
  volume={29},
  number={2},
  year={2005},
  publisher={Citeseer}}

@ARTICLE{RIOT,
  author={Baccelli, Emmanuel and Gündoğan, Cenk and Hahm, Oliver and Kietzmann, Peter and Lenders, Martine S. and Petersen, Hauke and Schleiser, Kaspar and Schmidt, Thomas C. and Wählisch, Matthias},
  journal={IEEE Internet of Things Journal}, 
  title={RIOT: An Open Source Operating System for Low-End Embedded Devices in the IoT}, 
  year={2018},
  volume={5},
  number={6},
  pages={4428-4440},
  doi={10.1109/JIOT.2018.2815038}}

@manual{RISCV_manual_1,
  title        = {The RISC-V Instruction Set Manual, Volume I: User-Level ISA},
  author       = {Andrew Waterman and Krste Asanovic},
  organization = {RISC-V International},
  edition      = {20191213},
  month        = {December},
  year         = {2019},
}

@manual{RISCV_manual_2,
  title        = {The RISC-V Instruction Set Manual, Volume II: Privileged Architecture},
  author       = {Andrew Waterman, Krste Asanovic and John Hauser},
  organization = {RISC-V International},
  edition      = {20211203},
  month        = {December},
  year         = {2021},
}

@INPROCEEDINGS{RVfpga,
  author={Harris, Sarah L. and Chaver, Daniel and Piñuel, Luis and Gomez-Perez, J.I. and Liaqat, M. Hamza and Kakakhel, Zubair L. and Kindgren, Olof and Owen, Robert},
  booktitle={2021 31st International Conference on Field-Programmable Logic and Applications (FPL)}, 
  title={RVfpga: Using a RISC-V Core Targeted to an FPGA in Computer Architecture Education}, 
  year={2021},
  volume={},
  number={},
  pages={145-150},
  doi={10.1109/FPL53798.2021.00032}}


  @ARTICLE{RISCV_Instruction_Set_Architecture_Extensions_Survey,
  author={Cui, Enfang and Li, Tianzheng and Wei, Qian},
  journal={IEEE Access}, 
  title={RISC-V Instruction Set Architecture Extensions: A Survey}, 
  year={2023},
  volume={11},
  number={},
  pages={24696-24711},
  doi={10.1109/ACCESS.2023.3246491}}

@misc{RISCV_International,
  title = {RISC-V International},
  howpublished = {\url{https://riscv.org/}},
  note = {Accessed: 2023-04-15}
}

@misc{RISCV_list,
  title = {RISC-V Cores and SoC Overview},
  howpublished = {\url{https://github.com/riscvarchive/riscv-cores-list}},
  note = {Accessed: 2023-04-15}
}

@misc{RTOS_List,
  title = {List of open source real-time operating systems},
  howpublished = {\url{https://www.osrtos.com/}},
  note = {Accessed: 2023-05-28}
}

@misc{Vivado,
  title = {Vivado Block Design Tool Overview},
  howpublished = {\url{https://www.xilinx.com/products/design-tools/vivado.html}},
  note = {Accessed: 2023-06-10}
}

@misc{Verilator,
  title = {Verilator User’s Guide},
  howpublished = {\url{https://verilator.org/guide/latest/}},
  note = {Accessed: 2023-06-10}
}

@misc{platformio,
  title = {PlatformIO},
  howpublished = {\url{https://platformio.org/}},
  note = {Accessed: 2023-06-10}
}

@misc{nuttx,
  title = {NuttX Documentation},
  howpublished = {\url{https://nuttx.apache.org/docs/latest/#}},
  note = {Accessed: 2023-05-28}
}

@misc{freeRTOS,
  title = {FreeRTOS: Real-time operating system for microcontrollers},
  howpublished = {\url{https://freertos.org/}},
  note = {Accessed: 2023-05-28}
}


@misc{zephyr,
  title = {Zephyr Project, a Linux Foundation Project},
  howpublished = {\url{https://www.zephyrproject.org/}},
  note = {Accessed: 2023-05-28}
}

@misc{LiteX,
  title = {LiteX Documentation},
  howpublished = {\url{https://github.com/enjoy-digital/litex}},
  note = {Accessed: 2023-05-06}
}

@misc{SweRVolf,
  title = {SweRVolf Documentation},
  howpublished = {\url{https://github.com/chipsalliance/Cores-SweRVolf}},
  note = {Accessed: 2023-05-06}
}

@misc{NEORV32,
  title = {The NEORV32 RISC-V Processor},
  howpublished = {\url{https://github.com/stnolting/neorv32}},
  note = {Accessed: 2023-05-06}
}

@misc{SweRV,
  title = {VeeR EH1 RISC-V Core},
  howpublished = {\url{https://github.com/chipsalliance/Cores-VeeR-EH1}},
  note = {Accessed: 2023-05-06}
}

@misc{nexys-a7,
  title = {Nexys A7 Digilent Reference},
  howpublished = {\url{https://digilent.com/reference/programmable-logic/nexys-a7/start}},
  note = {Accessed: 2023-05-06}
}

@misc{fusesoc,
  title = {FuseSoC Reference Manual},
  howpublished = {\url{https://fusesoc.readthedocs.io/en/stable/ref/index.html}},
  note = {Accessed: 2023-06-10}
}


@misc{gitrepo,
  title = {Github repository with preliminary work},
  howpublished = {\url{https://github.com/Rui-Ferreira3/thesis-repo.git}},
  note = {Accessed: 2023-06-10}
}